<collection xmlns="http://www.loc.gov/MARC21/slim"><record><leader>00756nam  2200205   450</leader><controlfield tag="001">183</controlfield><controlfield tag="003">http://montalegre.opacnet.com/OPAC/default.aspx?ContentAreaControl=ShowRegHoldings.ascx&amp;RegNo=16662</controlfield><controlfield tag="005">20</controlfield><datafield tag="100" ind1=" " ind2=" "><subfield code="a">20061013d1985    k  y0pory010305  ba</subfield></datafield><datafield tag="101" ind1="1" ind2=" "><subfield code="a">por</subfield><subfield code="c">spa</subfield></datafield><datafield tag="102" ind1=" " ind2=" "><subfield code="a">PT</subfield></datafield><datafield tag="200" ind1="1" ind2=" "><subfield code="a">&lt;As &gt;doze figuras do mundo</subfield><subfield code="f">Jorge Luís Borges e Adolfo Bioy Casares</subfield><subfield code="g">trad. de Miguel Serras Pereira, Francisco Vale e Carlos Pessoa</subfield></datafield><datafield tag="210" ind1=" " ind2=" "><subfield code="a">Lisboa</subfield><subfield code="c">Relógio d'Água</subfield><subfield code="d">1985</subfield></datafield><datafield tag="215" ind1=" " ind2=" "><subfield code="a">133 p.</subfield><subfield code="d">21 cm</subfield></datafield><datafield tag="225" ind1="2" ind2=" "><subfield code="a">Crime imperfeito</subfield></datafield><datafield tag="675" ind1=" " ind2=" "><subfield code="a">821.134.2(7/8)</subfield></datafield><datafield tag="700" ind1=" " ind2="1"><subfield code="a">Borges</subfield><subfield code="b">Jorge Luís</subfield><subfield code="f">1899-1986</subfield></datafield><datafield tag="701" ind1=" " ind2="1"><subfield code="a">Bioy Casares</subfield><subfield code="b">Adolfo</subfield><subfield code="f">1914-1999</subfield></datafield><datafield tag="801" ind1=" " ind2="0"><subfield code="a">PT</subfield><subfield code="b">Biblioteca Municipal de Montalegre</subfield><subfield code="g">RPC</subfield></datafield><datafield tag="856" ind1=" " ind2=" "><subfield code="u">locateMedia.asp?cod=20060707141620&amp;ext=jpg</subfield><subfield code="z">CAPA</subfield></datafield><datafield tag="909" ind1="&#9;" ind2=" "><subfield code="a">1</subfield></datafield><datafield tag="966" ind1=" " ind2=" "><subfield code="a">0008852</subfield><subfield code="l">BMM</subfield><subfield code="s">SCG 821.134.2(7/8) BOR doz</subfield></datafield></record></collection>